@IEEEtranBSTCTL{IEEEexample:BSTcontrol,
  CTLuse_forced_etal       = "yes",
  CTLmax_names_forced_etal = "6",
  CTLnames_show_etal       = "1"
}
@article{zhang2019propagation,
  title={Propagation Modeling Through Foliage in a Coniferous Forest at 28 {GHz}},
  author={Zhang, Yaguang and Anderson, Christopher R and Michelusi, Nicolo and Love, David J and Baker, Kenneth R and Krogmeier, James V},
  journal=IEEE_J_WCOML,
  year={2019},
  publisher={IEEE}
}
@ARTICLE{6732923,
author={S. {Rangan} and T. S. {Rappaport} and E. {Erkip}},
journal=IEEE_J_PROC,
title={Millimeter-Wave Cellular Wireless Networks: Potentials and Challenges},
year={2014},
volume={102},
number={3},
pages={366-385},
keywords={4G mobile communication;antenna arrays;array signal processing;cellular radio;channel capacity;space division multiplexing;millimeter-wave cellular wireless networks;cellular communication;spatial multiplexing;multielement antenna arrays;New York City;microcell base station;picocell base station;statistical channel models;4G cellular networks;directional transmissions;adaptive transmissions;directional isolation;adaptive beamforming;multihop relaying;heterogeneous network architectures;carrier aggregation;frequency 30 GHz to 300 GHz;frequency 28 GHz;Millimeter wave communication;Bandwidth;Antennas;Shadow mapping;Atmospheric measurements;Radio spectrum management;Cellular networks;Cellular systems;channel models;millimeter-wave radio;urban deployments;wireless propagation;28 GHz;3GPP LTE;73 GHz},
doi={10.1109/JPROC.2014.2299397},
ISSN={},
month={Mar.},}
@INPROCEEDINGS{7481098,
author={A. F. {Molisch} and A. {Karttunen} and {Rui Wang} and C. {Umit Bas} and S. {Hur} and J. {Park} and J. {Zhang}},
booktitle={2016 10th Eur. Conf. Antennas Propag. (EuCAP)},
title={Millimeter-wave channels in urban environments},
year={2016},
volume={},
number={},
pages={1-5},
keywords={cellular radio;electromagnetic wave diffraction;electromagnetic wave scattering;next generation networks;radiowave propagation;wireless channels;millimeter wave channels;urban environments;millimeter wave communications systems;mm-wave channel modeling;next generation cellular communications;propagation channels;Antenna measurements;Gain;Directive antennas;Antenna arrays;Frequency measurement;Urban areas;Delays},
doi={10.1109/EuCAP.2016.7481098},
ISSN={},
month={Apr.},}
@ARTICLE{7857002,
author={X. {Wu} and C. {Wang} and J. {Sun} and J. {Huang} and R. {Feng} and Y. {Yang} and X. {Ge}},
journal=IEEE_J_AP,
title={60-{GHz} Millimeter-Wave Channel Measurements and Modeling for Indoor Office Environments},
year={2017},
volume={65},
number={4},
pages={1912-1924},
keywords={5G mobile communication;antenna radiation patterns;channel estimation;directive antennas;indoor radio;millimetre wave antennas;multipath channels;pattern clustering;millimeter-wave channel modeling;indoor office environment;fifth-generation communication system;mmWave channel measurement;rotated directional antenna-based method;uniform virtual array-based method;3D space;azimuth domain;coelevation domain;multipath component parameter estimation;space-alternating generalized expectation-maximization estimation algorithm;IEEE standard;intracluster parameter extraction;intercluster parameter extraction;extended Saleh-Valenzuela model;K-means clustering algorithm;frequency 60 GHz;Antenna measurements;Azimuth;Wireless communication;Antenna arrays;Three-dimensional displays;Channel models;60-GHz millimeter-wave (mmWave) channels;channel measurements;parameter estimation;Saleh–Valenzuela (S-V) channel model;space-alternating generalized expectation–maximization (SAGE) algorithm},
doi={10.1109/TAP.2017.2669721},
ISSN={},
month={Apr.},}
@ARTICLE{8604008,
author={C. {Umit Bas} and R. {Wang} and S. {Sangodoyin} and T. {Choi} and S. {Hur} and K. {Whang} and J. {Park} and C. J. {Zhang} and A. F. {Molisch}},
journal=IEEE_J_WCOM,
title={Outdoor to Indoor Propagation Channel Measurements at 28 {GHz}},
year={2019},
volume={18},
number={3},
pages={1477-1489},
keywords={antenna phased arrays;beam steering;millimetre wave communication;millimetre wave propagation;radio receivers;wireless channels;directional channel power delay profiles;omnidirectional channel power delay profiles;delay uncertainty;measured path loss;delay spread;angular spread;indoor receiver locations;outdoor receiver locations;indoor propagation channel measurements;indoor penetration loss;millimeter-wave frequencies;wireless propagation channel characteristics;wireless access scenarios;real-time channel sounder;phased array antennas;beam-forming;electronic beam steering;directionally resolved measurements;frequency 28 GHz;Loss measurement;Antenna measurements;Delays;Wireless communication;Windows;Phased arrays;Antennas and propagation;radio propagation;millimeter wave communication;millimeter wave measurements;channel models},
doi={10.1109/TWC.2018.2890239},
ISSN={},
month={Mar.},}
@INPROCEEDINGS{8422820,
author={Y. {Zhang} and S. {Jyoti} and C. R. {Anderson} and D. J. {Love} and N. {Michelusi} and A. {Sprintson} and J. V. {Krogmeier}},
booktitle={2018 IEEE Intl. Conf. Commun.},
title={28-{GHz} Channel Measurements and Modeling for Suburban Environments},
year={2018},
volume={},
number={},
pages={1-6},
keywords={cellular radio;horn antennas;mean square error methods;microwave propagation;millimetre wave antennas;millimetre wave propagation;statistical analysis;suburban environments;microcell deployment;pedestrian paths;over-rooftop model;traditional channel modeling approach;line-of-sight measurements;alpha-beta-gamma model;recommended site-general value;root mean square errors;ITU site-general model;nonline-of-sight measurements;ABG model;site-specific ITU model;channel measurements;millimeter wave propagation measurements;horn antennas;transmitter;power delay profiles;transmission losses;path loss exponents;site-specific propagations;CI free space reference distance model;recommendation ITU-R P.1411-9;close-in free space reference distance model;RMSEs;custom-designed broadband sliding correlator channel sounder;frequency 28.0 GHz;distance 80 m to 1000 m;Loss measurement;Antenna measurements;ITU;Propagation losses;Gain;Broadband antennas},
doi={10.1109/ICC.2018.8422820},
ISSN={},
month={May},}
@INPROCEEDINGS{8647674,
author={C. {Umit Bas} and R. {Wang} and S. {Sangodoyin} and S. {Hur} and K. {Whang} and J. {Park} and J. {Zhang} and A. F. {Molisch}},
booktitle={2018 IEEE Global Commun. Conf.},
title={28 {GHz} Foliage Propagation Channel Measurements},
year={2018},
volume={},
number={},
pages={1-6},
keywords={antenna phased arrays;array signal processing;beam steering;directive antennas;microwave antenna arrays;microwave propagation;omnidirectional antennas;wireless channels;foliage blockage;channel sounding campaigns;wireless propagation channel characteristics;real-time channel sounder;phased array antennas;electronic beam steering;directionally resolved measurements;short measurement time;omnidirectional channel power delay profiles;distance-dependent foliage attenuation;angular spread;delay spread;phase stability;foliage propagation channel measurements;beamforming;receiver heights;channel characteristics;frequency 28.0 GHz;Delays;Antenna measurements;Attenuation;Phase measurement;Phased arrays;Loss measurement},
doi={10.1109/GLOCOM.2018.8647674},
ISSN={},
month={Dec.},}
@ARTICLE{8198818,
author={N. {Gonzalez-Prelcic} and A. {Ali} and V. {Va} and R. W. {Heath}},
journal=IEEE_M_COM,
title={Millimeter-Wave Communication with Out-of-Band Information},
year={2017},
volume={55},
number={12},
pages={140-146},
keywords={millimetre wave antenna arrays;wireless channels;out-of-band information;out-of-band signals;millimeter-wave communication;antenna arrays;mmWave communication systems;high mobility scenarios;frequent link reconfiguration;mmWave channel parameters;leverage information;mmWave communication link;frequency bands;frequency 6.0 GHz;Correlation;Antenna arrays;Channel estimation;Sensors;Arrays;MIMO communication;Radio frequency},
doi={10.1109/MCOM.2017.1700207},
ISSN={},
month={Dec.},}
@INPROCEEDINGS{8503086,
author={A. {Klautau} and P. {Batista} and N. {González-Prelcic} and Y. {Wang} and R. W. {Heath}},
booktitle={2018 Inf. Theory Appl. Workshop (ITA)},
title={{5G} {MIMO} Data for Machine Learning: Application to Beam-Selection Using Deep Learning},
year={2018},
volume={},
number={},
pages={1-9},
keywords={5G mobile communication;cellular radio;learning (artificial intelligence);millimetre wave communication;MIMO communication;mobility management (mobile radio);regression analysis;5G MIMO data;machine learning;deep learning applications;beam-selection techniques;reinforcement learning problems;5G mobile communication;MIMO communication;Ray tracing;Computational modeling;Receivers},
doi={10.1109/ITA.2018.8503086},
ISSN={},
month={Feb.},}
@ARTICLE{8395149,
author={A. {Alkhateeb} and S. {Alex} and P. {Varkey} and Y. {Li} and Q. {Qu} and D. {Tujkovic}},
journal=IEEE_O_ACC,
title={Deep Learning Coordinated Beamforming for Highly-Mobile Millimeter Wave Systems},
year={2018},
volume={6},
number={},
pages={37328-37348},
keywords={array signal processing;learning (artificial intelligence);millimetre wave antenna arrays;millimetre wave communication;mobile radio;ray tracing;telecommunication computing;telecommunication network reliability;highly-mobile millimeter wave systems;highly-mobile users;optimal beamforming vectors;mobile user;deep learning model;negligible training overhead;deep learning-based strategy;high-mobility large-array regimes;MM-wave signals;dense MM-wave deployments;antenna array MM-wave systems;highly-mobile MM-wave applications;highly-mobile link reliability;integrated machine learning and coordinated beamforming solution;quasiomni beam patterns;ray tracing;vehicular communications;millimeter wave systems;integrated machine learning;uplink training pilot sequence;Array signal processing;Training;Machine learning;Channel estimation;Radio frequency;Sensors;Wireless communication;Millimeter wave;deep learning;machine learning;beamforming;channel estimation;vehicular communications;wireless virtual/augmented reality},
doi={10.1109/ACCESS.2018.2850226},
ISSN={},
month={},}
@INPROCEEDINGS{8364140,
author={Y. {Zhang} and D. J. {Love} and N. {Michelusi} and J. V. {Krogmeier} and S. {Jyoti} and A. {Sprintson} and C. R. {Anderson}},
booktitle={2018 Int. Appl. Comp. Electromagn. Soc. Symp. (ACES)},
title={Improving millimeter-wave channel models for suburban environments with site-specific geometric features},
year={2018},
volume={},
number={},
pages={1-2},
keywords={microcellular radio;statistical analysis;wireless channels;suburban environments;site-specific geometric features;statistical millimeter-wave channel models;microcell deployment;network-level approach;ITU;Millimeter wave measurements;Computational modeling;Millimeter wave propagation;Loss measurement;Channel models;Buildings;channel modeling;millimeter wave;site-specific geometric features;suburban environments},
doi={10.23919/ROPACES.2018.8364140},
ISSN={},
month={Mar.},}
@inproceedings{tan2015modeling,
author = {Tan, John and Cao, Zhongren and Carlson, Lawrence and Barbieri, Louis and Lunn, Joshua},
booktitle={Proc. IEEE MILCOM},
year = {2015},
month = {Oct.},
pages = {},
address = {Orlando},
title = {Modeling and Analysis of {RF} Propagation in Complex Environments}
}
@ARTICLE{7913702,
author={B. {Ai} and K. {Guan} and R. {He} and J. {Li} and G. {Li} and D. {He} and Z. {Zhong} and K. M. S. {Huq}},
journal={IEEE Journal on Selected Areas in Communications},
title={On Indoor Millimeter Wave Massive MIMO Channels: Measurement and Simulation},
year={2017},
volume={35},
number={7},
pages={1678-1690},
keywords={5G mobile communication;indoor radio;microwave antenna arrays;MIMO communication;ray tracing;wireless channels;indoor millimeter wave massive MIMO channels;millimeter wave communication;massive multiple input multiple output channel;fifth generation mobile communication system;MM-wave massive MIMO channel characterization;mmWave frequency band;indoor mmWave massive MIMO channel measurement campaign;128 array elements;64 array elements;path loss;shadow fading;root-mean-square delay spread;RMS delay spread;coherence bandwidth;ray-tracing simulator;antenna elements;MIMO;Antenna measurements;Antenna arrays;Frequency measurement;5G mobile communication;Bandwidth;Wireless communication;Channel measurement;indoor;massive MIMO;millimeter wave;ray-tracing},
doi={10.1109/JSAC.2017.2698780},
ISSN={},
month={Jul.},}
@standard{itu2016vegetation,
  title={Recommendation ITU-R {P.833-9} Attenuation in Vegetation},
  author={{International Telecommunication Union}},
  year={2016},
  month={Sep.},
  url={https://www.itu.int/rec/R-REC-P.833-9-201609-I/en},
  note={{Accessed}: Apr. 12, 2020}
}
@electronic{darpasc2,
	title={Spectrum Collaboration Challenge {(SC2)}},
	author={{Defense Advanced Research Projects Agency}},
	url={https://www.spectrumcollaborationchallenge.com/},
	note={{Accessed}: Apr. 12, 2020}
}
@techreport{tan2018report,
 author={{SciX\textsuperscript{3}, LLC}},
  TITLE={Foliage propagation model development to support new communications concepts: Phase {II} final report},
  INSTITUTION={Defense Advanced Research Projects Agency, VA, USA},
  MONTH =         {contract no. W31P4Q-14-C-0014, Sep.},
  YEAR  =         {2018},
  note = "to be published"
}

@misc{odin,
  author = {B. {Keshavamurthy} and Y. {Zhang}},
  title = {Odin},
  year = {2020-21},
  publisher = {GitHub},
  journal = {GitHub repository},
  url = {https://github.com/bharathkeshavamurthy/Odin.git}
}